<?xml version="1.0" encoding="UTF-8"?>
<record xmlns="http://www.loc.gov/MARC21/slim" xmlns:zs="http://docs.oasis-open.org/ns/search-ws/sruResponse">
 <leader>
  08409cpcaa22011777i 4500
 </leader>
 <controlfield tag="001">
  19275563
 </controlfield>
 <controlfield tag="005">
  20240702122948.0
 </controlfield>
 <controlfield tag="008">
  160915k19672012xx                  eng
 </controlfield>
 <datafield ind1=" " ind2=" " tag="906">
  <subfield code="a">
   7
  </subfield>
  <subfield code="b">
   cbc
  </subfield>
  <subfield code="c">
   orignew
  </subfield>
  <subfield code="d">
   2
  </subfield>
  <subfield code="e">
   ncip
  </subfield>
  <subfield code="f">
   20
  </subfield>
  <subfield code="g">
   y-folklife
  </subfield>
 </datafield>
 <datafield ind1=" " ind2=" " tag="955">
  <subfield code="b">
   hh03 2016-09-15 to AFC
  </subfield>
  <subfield code="a">
   mkru 2017-01-24
  </subfield>
  <subfield code="a">
   sludewig 2023-10-02
  </subfield>
  <subfield code="a">
   sludewig 2024-03-19
  </subfield>
  <subfield code="a">
   sludewig 2024-04-16
  </subfield>
  <subfield code="a">
   sludewig 2024-04-22
  </subfield>
  <subfield code="a">
   sludewig 2024-05-02
  </subfield>
  <subfield code="a">
   masmit 2024-05-03
  </subfield>
  <subfield code="a">
   masmit 2024-05-07
  </subfield>
  <subfield code="a">
   sludewig 2024-06-05
  </subfield>
  <subfield code="a">
   masmit 2024-07-02
  </subfield>
 </datafield>
 <datafield ind1=" " ind2=" " tag="010">
  <subfield code="a">
   2017655203
  </subfield>
 </datafield>
 <datafield ind1=" " ind2=" " tag="040">
  <subfield code="a">
   DLC
  </subfield>
  <subfield code="b">
   eng
  </subfield>
  <subfield code="e">
   dacs
  </subfield>
  <subfield code="c">
   DLC
  </subfield>
 </datafield>
 <datafield ind1=" " ind2=" " tag="043">
  <subfield code="a">
   n-us-ny
  </subfield>
  <subfield code="a">
   nwht---
  </subfield>
  <subfield code="a">
   a-ch---
  </subfield>
  <subfield code="a">
   f-ua---
  </subfield>
  <subfield code="a">
   u-at---
  </subfield>
 </datafield>
 <datafield ind1=" " ind2=" " tag="090">
  <subfield code="a">
   AFC 2016/057
  </subfield>
 </datafield>
 <datafield ind1=" " ind2=" " tag="090">
  <subfield code="a">
   FSE 0436 (16mm film reel); FRD 0395 (16mm film reel); RAA 53569-53570, 53574, 53609, 65513, 65537 (10-inch reel); RGC 4207-4213 (DAT); RXK 7243-7246, 8730-8739 (7-inch reel); RYS 4420-4688, 4670-4828 (sound cassette); VAT 3488-3500, 4141-4300, 4361-4390, 4517 (MiniDV); VAT 4391-4467, 4518-4522 (VHS); VAT 4468-4474 (VHS-C); VAT 4475-4508 (Hi8); VAT 4509-4512 (Umatic); VAT 4513-4516 (DVCam); VBY 6631 (Umatic); VBY 6632-6633 (BetacamSP); VRA 4022-4024 (open video reel).
  </subfield>
 </datafield>
 <datafield ind1="1" ind2=" " tag="100">
  <subfield code="a">
   Wolkstein, Diane,
  </subfield>
  <subfield code="e">
   collector,
  </subfield>
  <subfield code="e">
   creator.
  </subfield>
 </datafield>
 <datafield ind1="1" ind2="0" tag="245">
  <subfield code="a">
   Diane Wolkstein collection,
  </subfield>
  <subfield code="f">
   1960-2013,
  </subfield>
  <subfield code="g">
   bulk 1967-2012.
  </subfield>
 </datafield>
 <datafield ind1=" " ind2=" " tag="300">
  <subfield code="3">
   whole collection
  </subfield>
  <subfield code="a">
   approximately 13,526
  </subfield>
  <subfield code="f">
   items
  </subfield>
 </datafield>
 <datafield ind1=" " ind2=" " tag="300">
  <subfield code="3">
   manuscripts
  </subfield>
  <subfield code="a">
   6,838
  </subfield>
  <subfield code="f">
   documents
  </subfield>
 </datafield>
 <datafield ind1=" " ind2=" " tag="300">
  <subfield code="3">
   sound recordings
  </subfield>
  <subfield code="a">
   274 sound cassettes :
  </subfield>
  <subfield code="b">
   analog
  </subfield>
 </datafield>
 <datafield ind1=" " ind2=" " tag="300">
  <subfield code="3">
   sound recordings
  </subfield>
  <subfield code="a">
   7 sound cassettes (DAT) :
  </subfield>
  <subfield code="b">
   analog
  </subfield>
 </datafield>
 <datafield ind1=" " ind2=" " tag="300">
  <subfield code="3">
   sound recordings
  </subfield>
  <subfield code="a">
   7 sound tape reels :
  </subfield>
  <subfield code="b">
   analog ;
  </subfield>
  <subfield code="c">
   5 in.
  </subfield>
 </datafield>
 <datafield ind1=" " ind2=" " tag="300">
  <subfield code="3">
   sound recordings
  </subfield>
  <subfield code="a">
   6 sound tape reels :
  </subfield>
  <subfield code="b">
   analog ;
  </subfield>
  <subfield code="c">
   7 in.
  </subfield>
 </datafield>
 <datafield ind1=" " ind2=" " tag="300">
  <subfield code="3">
   sound recordings
  </subfield>
  <subfield code="a">
   6 sound tape reels :
  </subfield>
  <subfield code="b">
   analog ;
  </subfield>
  <subfield code="c">
   10 in.
  </subfield>
 </datafield>
 <datafield ind1=" " ind2=" " tag="300">
  <subfield code="3">
   sound recordings
  </subfield>
  <subfield code="a">
   244 sound discs (CD) :
  </subfield>
  <subfield code="b">
   digital ;
  </subfield>
  <subfield code="c">
   4 3/4 in.
  </subfield>
 </datafield>
 <datafield ind1=" " ind2=" " tag="300">
  <subfield code="3">
   sound recordings
  </subfield>
  <subfield code="a">
   371 sound files (WAV, AIFF) :
  </subfield>
  <subfield code="b">
   digital
  </subfield>
 </datafield>
 <datafield ind1=" " ind2=" " tag="300">
  <subfield code="3">
   graphic materials
  </subfield>
  <subfield code="a">
   658 photographs :
  </subfield>
  <subfield code="b">
   film negatives, black and white ;
  </subfield>
  <subfield code="c">
   35 mm
  </subfield>
 </datafield>
 <datafield ind1=" " ind2=" " tag="300">
  <subfield code="3">
   graphic materials
  </subfield>
  <subfield code="a">
   20 photographs :
  </subfield>
  <subfield code="b">
   film negatives, black and white ;
  </subfield>
  <subfield code="c">
   4 x 5 in.
  </subfield>
 </datafield>
 <datafield ind1=" " ind2=" " tag="300">
  <subfield code="3">
   graphic materials
  </subfield>
  <subfield code="a">
   13 photographs :
  </subfield>
  <subfield code="b">
   film negatives, black and white ;
  </subfield>
  <subfield code="c">
   120 mm
  </subfield>
 </datafield>
 <datafield ind1=" " ind2=" " tag="300">
  <subfield code="3">
   graphic materials
  </subfield>
  <subfield code="a">
   9 photographs :
  </subfield>
  <subfield code="b">
   film negatives, black and white ;
  </subfield>
  <subfield code="c">
   126 film
  </subfield>
 </datafield>
 <datafield ind1=" " ind2=" " tag="300">
  <subfield code="3">
   graphic materials
  </subfield>
  <subfield code="a">
   4 photographs :
  </subfield>
  <subfield code="b">
   film negatives, black and white ;
  </subfield>
  <subfield code="c">
   8 x 10 in.
  </subfield>
 </datafield>
 <datafield ind1=" " ind2=" " tag="300">
  <subfield code="3">
   graphic materials
  </subfield>
  <subfield code="a">
   313 photographs :
  </subfield>
  <subfield code="b">
   film negatives, color ;
  </subfield>
  <subfield code="c">
   35 mm
  </subfield>
 </datafield>
 <datafield ind1=" " ind2=" " tag="300">
  <subfield code="3">
   graphic materials
  </subfield>
  <subfield code="a">
   62 photographs :
  </subfield>
  <subfield code="b">
   film negatives, color ;
  </subfield>
  <subfield code="c">
   126 film
  </subfield>
 </datafield>
 <datafield ind1=" " ind2=" " tag="300">
  <subfield code="3">
   graphic materials
  </subfield>
  <subfield code="a">
   2 photographs :
  </subfield>
  <subfield code="b">
   film negatives, color ;
  </subfield>
  <subfield code="c">
   4 x 5 in.
  </subfield>
 </datafield>
 <datafield ind1=" " ind2=" " tag="300">
  <subfield code="3">
   graphic materials
  </subfield>
  <subfield code="a">
   2 photographs :
  </subfield>
  <subfield code="b">
   color transparencies ;
  </subfield>
  <subfield code="c">
   35 mm
  </subfield>
 </datafield>
 <datafield ind1=" " ind2=" " tag="300">
  <subfield code="3">
   graphic materials
  </subfield>
  <subfield code="a">
   514 photographs :
  </subfield>
  <subfield code="b">
   prints, color ;
  </subfield>
  <subfield code="c">
   various sizes
  </subfield>
 </datafield>
 <datafield ind1=" " ind2=" " tag="300">
  <subfield code="3">
   graphic materials
  </subfield>
  <subfield code="a">
   338 photographs :
  </subfield>
  <subfield code="b">
   prints, black and white ;
  </subfield>
  <subfield code="c">
   various sizes
  </subfield>
 </datafield>
 <datafield ind1=" " ind2=" " tag="300">
  <subfield code="3">
   graphic materials
  </subfield>
  <subfield code="a">
   50 photographs :
  </subfield>
  <subfield code="b">
   contact sheets, black and white ;
  </subfield>
  <subfield code="c">
   various sizes
  </subfield>
 </datafield>
 <datafield ind1=" " ind2=" " tag="300">
  <subfield code="3">
   graphic materials
  </subfield>
  <subfield code="a">
   2,152 photographs :
  </subfield>
  <subfield code="b">
   digital, JPG, PSD
  </subfield>
 </datafield>
 <datafield ind1=" " ind2=" " tag="300">
  <subfield code="3">
   moving images
  </subfield>
  <subfield code="a">
   204 videocassettes (MiniDV) :
  </subfield>
  <subfield code="b">
   analog
  </subfield>
 </datafield>
 <datafield ind1=" " ind2=" " tag="300">
  <subfield code="3">
   moving images
  </subfield>
  <subfield code="a">
   82 videocassettes (VHS) :
  </subfield>
  <subfield code="b">
   analog
  </subfield>
 </datafield>
 <datafield ind1=" " ind2=" " tag="300">
  <subfield code="3">
   moving images
  </subfield>
  <subfield code="a">
   34 videocassettes (Hi8) :
  </subfield>
  <subfield code="b">
   analog
  </subfield>
 </datafield>
 <datafield ind1=" " ind2=" " tag="300">
  <subfield code="3">
   moving images
  </subfield>
  <subfield code="a">
   7 videocassettes (VHS-C) :
  </subfield>
  <subfield code="b">
   analog
  </subfield>
 </datafield>
 <datafield ind1=" " ind2=" " tag="300">
  <subfield code="3">
   moving images
  </subfield>
  <subfield code="a">
   5 videocassettes (U-matic) :
  </subfield>
  <subfield code="b">
   analog
  </subfield>
 </datafield>
 <datafield ind1=" " ind2=" " tag="300">
  <subfield code="3">
   moving images
  </subfield>
  <subfield code="a">
   4 videocassettes (DVCam) :
  </subfield>
  <subfield code="b">
   analog
  </subfield>
 </datafield>
 <datafield ind1=" " ind2=" " tag="300">
  <subfield code="3">
   moving images
  </subfield>
  <subfield code="a">
   4 open reel video tape :
  </subfield>
  <subfield code="b">
   analog ;
  </subfield>
  <subfield code="c">
   1/2 in.
  </subfield>
 </datafield>
 <datafield ind1=" " ind2=" " tag="300">
  <subfield code="3">
   moving images
  </subfield>
  <subfield code="a">
   2 videocassettes (BetacamSP) :
  </subfield>
  <subfield code="b">
   analog
  </subfield>
 </datafield>
 <datafield ind1=" " ind2=" " tag="300">
  <subfield code="3">
   moving images
  </subfield>
  <subfield code="a">
   2 film reel :
  </subfield>
  <subfield code="b">
   analog ;
  </subfield>
  <subfield code="c">
   16 mm
  </subfield>
 </datafield>
 <datafield ind1=" " ind2=" " tag="300">
  <subfield code="3">
   moving images
  </subfield>
  <subfield code="a">
   145 videodiscs (DVD) :
  </subfield>
  <subfield code="b">
   digital ;
  </subfield>
  <subfield code="c">
   4 3/4 in.
  </subfield>
 </datafield>
 <datafield ind1=" " ind2=" " tag="300">
  <subfield code="3">
   moving images
  </subfield>
  <subfield code="a">
   1,147 video files (IFO, BUP, VOB, MOV, MP4, MPG) :
  </subfield>
  <subfield code="b">
   digital
  </subfield>
 </datafield>
 <datafield ind1=" " ind2=" " tag="520">
  <subfield code="a">
   Papers and audiovisual materials comprising the professional archive of storyteller Diane Wolkstein. Includes performance events and productions, publicity materials, fieldwork interviews, publishing contracts, correspondence, fieldnotes, and story drafts. Wolkstein adapted folktales from many cultures for performance and publication, producing stories for both adults and children. The collection includes her recordings and notes from research in Haiti, China, Australia, and other locations, used to inform her stories. Also included in the collection are recordings of Wolkstein's radio program "Stories from Many Lands," which ran from 1968 to 1980 on WNYC radio. In 2007, Wolkstein produced a documentary about her life and work entitled "A Storyteller's Story." Materials used to produce the documentary are included as part of the collection.
  </subfield>
 </datafield>
 <datafield ind1=" " ind2=" " tag="545">
  <subfield code="a">
   Diane Wolkstein was a storyteller, author, and folklorist. Born in 1942, she received an undergraduate degree from Smith College, a master's degree in education from Bank Street College of New York, and studied mime under Etienne Decroux in Paris. She worked as New York City's official storyteller between 1967 and 1971 and later worked as a freelance storyteller. She performed stories for children every weekend in Central Park at the Hans Christian Andersen statue and hosted the radio show "Stories from Many Lands" on WNYC from 1968 to 1980. Wolkstein also traveled extensively to conduct fieldwork, gathering myths, stories, and songs to adapt and include in her storytelling. She was the author of two dozen books. Diane Wolkstein passed away in 2013 in Kaohsiung, Taiwan while conducting research for a book of Chinese folk stories.
  </subfield>
 </datafield>
 <datafield ind1="8" ind2=" " tag="524">
  <subfield code="a">
   Diane Wolkstein collection (AFC 2016/057), American Folklife Center, Library of Congress, Washington, D.C.
  </subfield>
 </datafield>
 <datafield ind1="0" ind2=" " tag="506">
  <subfield code="a">
   Collection is open to research. To request materials, please contact the Folklife Reading Room at
  </subfield>
  <subfield code="u">
   https://hdl.loc.gov/loc.afc/folklife.contact
  </subfield>
 </datafield>
 <datafield ind1=" " ind2=" " tag="540">
  <subfield code="a">
   The rights to published materials created by Diane Wolkstein that are held by her beneficiary are governed by copyright for the lifetime of the beneficiary. When this term has expired, the rights to these materials enter the public domain. The rights to unpublished materials created by Diane Wolkstein are in the public domain. Rights belonging to third parties may be governed by copyright or other restrictions.
  </subfield>
 </datafield>
 <datafield ind1=" " ind2=" " tag="541">
  <subfield code="a">
   Purchase,
  </subfield>
  <subfield code="d">
   2016.
  </subfield>
 </datafield>
 <datafield ind1=" " ind2=" " tag="546">
  <subfield code="a">
   Collection material in English and Haitian Creole.
  </subfield>
 </datafield>
 <datafield ind1="0" ind2=" " tag="555">
  <subfield code="a">
   Finding aid is available online
  </subfield>
  <subfield code="u">
   https://hdl.loc.gov/loc.afc/eadafc.af024003
  </subfield>
 </datafield>
 <datafield ind1="1" ind2="0" tag="600">
  <subfield code="a">
   Wolkstein, Diane
  </subfield>
  <subfield code="v">
   Archives.
  </subfield>
 </datafield>
 <datafield ind1="1" ind2="0" tag="600">
  <subfield code="a">
   Baker, Augusta,
  </subfield>
  <subfield code="d">
   1911-1998
  </subfield>
  <subfield code="v">
   Interviews.
  </subfield>
 </datafield>
 <datafield ind1="1" ind2="0" tag="600">
  <subfield code="a">
   Belpré, Pura
  </subfield>
  <subfield code="v">
   Interviews.
  </subfield>
 </datafield>
 <datafield ind1="1" ind2="0" tag="600">
  <subfield code="a">
   Bodger, Joan
  </subfield>
  <subfield code="v">
   Interviews.
  </subfield>
 </datafield>
 <datafield ind1="1" ind2="0" tag="600">
  <subfield code="a">
   Dodge, Marshall,
  </subfield>
  <subfield code="d">
   1935-1982
  </subfield>
  <subfield code="v">
   Interviews.
  </subfield>
 </datafield>
 <datafield ind1="1" ind2="0" tag="600">
  <subfield code="a">
   McLendon, Sally
  </subfield>
  <subfield code="v">
   Interviews.
  </subfield>
 </datafield>
 <datafield ind1="1" ind2="0" tag="600">
  <subfield code="a">
   Singer, Isaac Bashevis,
  </subfield>
  <subfield code="d">
   1904-1991
  </subfield>
  <subfield code="v">
   Interviews.
  </subfield>
 </datafield>
 <datafield ind1="1" ind2="0" tag="600">
  <subfield code="a">
   Smith, Jimmy Neil
  </subfield>
  <subfield code="v">
   Interviews.
  </subfield>
 </datafield>
 <datafield ind1="1" ind2="0" tag="600">
  <subfield code="a">
   Sutton-Smith, Brian
  </subfield>
  <subfield code="v">
   Interviews.
  </subfield>
 </datafield>
 <datafield ind1="1" ind2="0" tag="600">
  <subfield code="a">
   Timpanelli, Gioia
  </subfield>
  <subfield code="v">
   Interviews.
  </subfield>
 </datafield>
 <datafield ind1=" " ind2="0" tag="650">
  <subfield code="a">
   Women storytellers
  </subfield>
  <subfield code="z">
   New York (State)
  </subfield>
  <subfield code="z">
   New York.
  </subfield>
 </datafield>
 <datafield ind1=" " ind2="0" tag="650">
  <subfield code="a">
   Storytellers
  </subfield>
  <subfield code="z">
   United States.
  </subfield>
 </datafield>
 <datafield ind1=" " ind2="0" tag="650">
  <subfield code="a">
   Women folklorists
  </subfield>
  <subfield code="z">
   United States.
  </subfield>
 </datafield>
 <datafield ind1=" " ind2="0" tag="650">
  <subfield code="a">
   Storytelling.
  </subfield>
 </datafield>
 <datafield ind1=" " ind2="0" tag="650">
  <subfield code="a">
   Tales.
  </subfield>
 </datafield>
 <datafield ind1=" " ind2="0" tag="650">
  <subfield code="a">
   Fairy tales.
  </subfield>
 </datafield>
 <datafield ind1=" " ind2="0" tag="650">
  <subfield code="a">
   Children's literature.
  </subfield>
 </datafield>
 <datafield ind1=" " ind2="0" tag="650">
  <subfield code="a">
   Folklore
  </subfield>
  <subfield code="z">
   Australia.
  </subfield>
 </datafield>
 <datafield ind1=" " ind2="0" tag="650">
  <subfield code="a">
   Folklore
  </subfield>
  <subfield code="z">
   China.
  </subfield>
 </datafield>
 <datafield ind1=" " ind2="0" tag="650">
  <subfield code="a">
   Folklore
  </subfield>
  <subfield code="z">
   Egypt.
  </subfield>
 </datafield>
 <datafield ind1=" " ind2="0" tag="650">
  <subfield code="a">
   Folklore
  </subfield>
  <subfield code="z">
   Haiti.
  </subfield>
 </datafield>
 <datafield ind1=" " ind2="0" tag="650">
  <subfield code="a">
   Folklore
  </subfield>
  <subfield code="z">
   United States.
  </subfield>
 </datafield>
 <datafield ind1=" " ind2="0" tag="650">
  <subfield code="a">
   Jews
  </subfield>
  <subfield code="v">
   Folklore.
  </subfield>
 </datafield>
 <datafield ind1=" " ind2="0" tag="650">
  <subfield code="a">
   Jewish children's stories.
  </subfield>
 </datafield>
 <datafield ind1=" " ind2="0" tag="650">
  <subfield code="a">
   Sumerian literature.
  </subfield>
 </datafield>
 <datafield ind1=" " ind2="7" tag="655">
  <subfield code="a">
   Folk tales.
  </subfield>
  <subfield code="2">
   lcgft
  </subfield>
 </datafield>
 <datafield ind1=" " ind2="7" tag="655">
  <subfield code="a">
   Interviews.
  </subfield>
  <subfield code="2">
   lcgft
  </subfield>
 </datafield>
 <datafield ind1=" " ind2="7" tag="655">
  <subfield code="a">
   Radio programs.
  </subfield>
  <subfield code="2">
   lcgft
  </subfield>
 </datafield>
 <datafield ind1=" " ind2="7" tag="655">
  <subfield code="a">
   Manuscripts.
  </subfield>
  <subfield code="2">
   aat
  </subfield>
 </datafield>
 <datafield ind1=" " ind2="7" tag="655">
  <subfield code="a">
   Correspondence.
  </subfield>
  <subfield code="2">
   aat
  </subfield>
 </datafield>
 <datafield ind1=" " ind2="7" tag="655">
  <subfield code="a">
   Sound recordings.
  </subfield>
  <subfield code="2">
   lcgft
  </subfield>
 </datafield>
 <datafield ind1=" " ind2="7" tag="655">
  <subfield code="a">
   Video recordings.
  </subfield>
  <subfield code="2">
   lcgft
  </subfield>
 </datafield>
 <datafield ind1="1" ind2=" " tag="700">
  <subfield code="a">
   Carlebach, Shlomo,
  </subfield>
  <subfield code="d">
   1925-1994,
  </subfield>
  <subfield code="e">
   contributor.
  </subfield>
 </datafield>
 <datafield ind1="1" ind2=" " tag="700">
  <subfield code="a">
   Courlander, Harold,
  </subfield>
  <subfield code="d">
   1908-1996,
  </subfield>
  <subfield code="e">
   contributor.
  </subfield>
 </datafield>
 <datafield ind1="1" ind2=" " tag="700">
  <subfield code="a">
   Kramer, Samuel Noah,
  </subfield>
  <subfield code="d">
   1897-1990,
  </subfield>
  <subfield code="e">
   contributor.
  </subfield>
 </datafield>
 <datafield ind1="1" ind2=" " tag="700">
  <subfield code="a">
   Wheeler, Billy Edd,
  </subfield>
  <subfield code="e">
   contributor.
  </subfield>
 </datafield>
 <datafield ind1="1" ind2=" " tag="700">
  <subfield code="a">
   Zucker, Rachel,
  </subfield>
  <subfield code="e">
   donor,
  </subfield>
  <subfield code="e">
   interviewee.
  </subfield>
 </datafield>
 <datafield ind1="2" ind2=" " tag="710">
  <subfield code="a">
   WNYC (Radio station : New York, N.Y.)
  </subfield>
 </datafield>
 <datafield ind1=" " ind2=" " tag="852">
  <subfield code="a">
   Library of Congress
  </subfield>
  <subfield code="b">
   American Folklife Center,
  </subfield>
  <subfield code="e">
   101 Independence Ave. S.E., Washington, DC USA 20540-4610
  </subfield>
  <subfield code="u">
   https://hdl.loc.gov/loc.afc/folklife.home
  </subfield>
 </datafield>
 <datafield ind1="4" ind2="2" tag="856">
  <subfield code="3">
   Finding aid
  </subfield>
  <subfield code="u">
   https://hdl.loc.gov/loc.afc/eadafc.af024003
  </subfield>
 </datafield>
 <datafield ind1=" " ind2=" " tag="923">
  <subfield code="d">
   200160915
  </subfield>
  <subfield code="n">
   331203
  </subfield>
  <subfield code="s">
   Brian Cassidy, Bookseller
  </subfield>
 </datafield>
 <datafield ind1=" " ind2=" " tag="985">
  <subfield code="a">
   afc/coll
  </subfield>
 </datafield>
 <datafield ind1=" " ind2=" " tag="985">
  <subfield code="a">
   afc/ead
  </subfield>
 </datafield>
</record>
